<?xml version="1.0" encoding="UTF-8"?><record xmlns="http://www.loc.gov/MARC21/slim" xmlns:cinclude="http://apache.org/cocoon/include/1.0" xmlns:zs="http://www.loc.gov/zing/srw/">
  <leader>01219cz  a2200217n  4500</leader>
  <controlfield tag="001">n  80096763 </controlfield>
  <controlfield tag="003">DLC</controlfield>
  <controlfield tag="005">20080824074954.0</controlfield>
  <controlfield tag="008">800814n| acannaabn          |a aaa      </controlfield>
  <datafield tag="010" ind1=" " ind2=" ">
    <subfield code="a">n  80096763 </subfield>
  </datafield>
  <datafield tag="035" ind1=" " ind2=" ">
    <subfield code="a">(OCoLC)oca00477755</subfield>
  </datafield>
  <datafield tag="040" ind1=" " ind2=" ">
    <subfield code="a">DLC</subfield>
    <subfield code="b">eng</subfield>
    <subfield code="c">DLC</subfield>
    <subfield code="d">DLC</subfield>
    <subfield code="d">NjP</subfield>
  </datafield>
  <datafield tag="053" ind1=" " ind2="0">
    <subfield code="a">PG3490.Y54</subfield>
  </datafield>
  <datafield tag="100" ind1="1" ind2=" ">
    <subfield code="a">Zykov, I︠U︡. D.</subfield>
  </datafield>
  <datafield tag="400" ind1="1" ind2=" ">
    <subfield code="a">Zykov, I︠U︡riĭ Dmitrievich</subfield>
  </datafield>
  <datafield tag="400" ind1="1" ind2=" ">
    <subfield code="a">Zykov, Ju. D.</subfield>
  </datafield>
  <datafield tag="670" ind1=" " ind2=" ">
    <subfield code="a">Moscow. Proizvodstvennyĭ i nauchno-issledovatelʹskiĭ institut po inzhenernym izyskanii︠a︡m v stroitelʹstve. Seĭsmicheskie kharakteristiki lessovykh porod v svi︠a︡zi s geologicheskim okruzheniem i tekhnogenezom, 1980 (a.e.)</subfield>
    <subfield code="b">verso t.p. (I︠U︡. D. Zykov)</subfield>
  </datafield>
  <datafield tag="670" ind1=" " ind2=" ">
    <subfield code="a">Izuchenie svoĭstv massivov porod i geologicheskikh prot︠s︡essov, 1986:</subfield>
    <subfield code="b">t.p. (kandidat tekhnicheskikh nauk I︠U︡. D. Zykov)</subfield>
  </datafield>
  <datafield tag="670" ind1=" " ind2=" ">
    <subfield code="a">His Akusticheskie svoĭstva lʹdistykh gruntov i lʹda, 1989:</subfield>
    <subfield code="b">t.p. (I︠U︡.D. Zykov) verso t.p. (Zykov Ju. D.) colophon (Zykov I︠U︡riĭ Dmitrievich)</subfield>
  </datafield>
  <datafield tag="670" ind1=" " ind2=" ">
    <subfield code="a">Stikhi, risunki, zhivopisʹ, 2006:</subfield>
    <subfield code="b">t.p. (I︠U︡. Zykov)</subfield>
  </datafield>
  <datafield tag="670" ind1=" " ind2=" ">
    <subfield code="a">Ross. gos. biblioteka, Aug. 15, 2008</subfield>
    <subfield code="b">(hdg.: Zykov, I︠U︡riĭ Dmitrievich; usage: I︠U︡.D. Zykov; I︠U︡. Zykov)</subfield>
  </datafield>
</record>